<?xml version="1.0" encoding="UTF-8"?><collection xmlns="http://www.loc.gov/MARC21/slim"><record><leader>00416nam--2200133-i-4500</leader><controlfield tag="001">000039448</controlfield><controlfield tag="002">20161230</controlfield><controlfield tag="005">20161230201042</controlfield><controlfield tag="008">060222s1000------------r-----000-0-eng-d</controlfield><datafield ind1=" " ind2=" " tag="080"><subfield code="a">621.318.1</subfield></datafield><datafield ind1=" " ind2=" " tag="100"><subfield code="a">Rocker, Walter</subfield></datafield><datafield ind1=" " ind2=" " tag="245"><subfield code="a">Das verhalten der blochwande bei den barkhausensprungen und die auswirkungen auf den frequenzgang der hysterese</subfield></datafield><datafield ind1=" " ind2=" " tag="260"><subfield code="a">Stuttgart, Technische Hochschule, 1967, 72p</subfield></datafield><datafield ind1=" " ind2=" " tag="852"><subfield code="a">27278</subfield></datafield></record></collection>